@inproceedings{7148493,
  author={Sharma, Shruti and Gupta, Parul},
  booktitle={International Conference on Computing, Communication \& Automation}, 
  title={The anatomy of web crawlers}, 
  year={2015},
  volume={},
  number={},
  pages={849-853},
  doi={10.1109/CCAA.2015.7148493}
}

@inproceedings{9648837,
  author={Sultanov, Andriy and Protsyk, Maksym and Kuzyshyn, Maksym and Omelkina, Daria and Shevchuk, Vyacheslav and Farenyuk, Oleg},
  booktitle={2021 IEEE 16th International Conference on Computer Sciences and Information Technologies (CSIT)}, 
  title={Comparison of performance of the popular approaches to implementing parallel crawlers}, 
  year={2021},
  volume={1},
  number={},
  pages={349-352},
  doi={10.1109/CSIT52700.2021.9648837}
}

@inproceedings{9645918,
  author={Dhar, Tithi and Mazumder, Sayan and Dhar, Susnigdha and Karak, Susovan and Chatterjee, Debraj},
  booktitle={2021 International Conference on Smart Generation Computing, Communication and Networking (SMART GENCON)}, 
  title={An Approach to Design and Implement Parallel Web Crawler}, 
  year={2021},
  volume={},
  number={},
  pages={1-4},
  doi={10.1109/SMARTGENCON51891.2021.9645918}
}

@article{kausar2013web,
  title={Web crawler: a review},
  author={Kausar, Md Abu and Dhaka, VS and Singh, Sanjeev Kumar},
  journal={International Journal of Computer Applications},
  volume={63},
  number={2},
  pages={31--36},
  year={2013},
  publisher={Foundation of Computer Science, 244 5 th Avenue,\# 1526, New York, NY 10001~…}
}

@article{sharma2011novel,
  title={A novel architecture of a parallel web crawler},
  author={Sharma, Shruti and Sharma, AK and Gupta, JP},
  journal={International Journal of Computer Applications},
  volume={14},
  number={4},
  pages={38--42},
  year={2011},
  publisher={International Journal of Computer Applications, 244 5 th Avenue,\# 1526, New~…}
}

@article{mishra2010smart,
  title={Smart approach to reduce the web crawling traffic of existing system using HTML based update file at web server},
  author={Mishra, Shekhar and Jain, Anurag and Sachan, AK},
  journal={International Journal of Computer Applications},
  volume={11},
  number={7},
  pages={34--38},
  year={2010},
  publisher={Citeseer}
}
